@misc{ttool,
	title = "{[TTool], an open-source toolkit for the modeling and verification of embedded systems.}",
	author = "Ludovic Apvrille",
	url = "http://ttool.telecom-paris.fr/",
	howpublished={\url{http://ttool.telecom-paris.fr/}},
}

@misc{soclib,
	title = "{SoCLib.}",
	url = "http://www.soclib.fr/",
	howpublished={\url{http://www.soclib.fr/}},
	note = "As of: October 4, 2018"
}

@misc{systemc,
	title = "{SystemC.}",
	author = "Accellera Systems Initiative",
	url = "http://www.accellera.org/downloads/standards/systemc",
	howpublished={\url{http://www.accellera.org/downloads/standards/systemc}},
	note = "As of: October 4, 2018"
}

