@incollection{ parviainen2009,
	title = "{Model-Driven Development. Processes and practices.}",
	author = "Parviainen, Päivi and Takalo, Juha and Teppola, Susanna and Tihinen, Maarit",
	series = "VVT Working Papers",
	number = "114",
	publisher = "VTT Technical Research Centre of Finland",
	month =  feb,
	year = "2009",
	ISBN = "978-951-38-7175-8",
	ISSN = "1459-7683"
}

@incollection{ duby2003,
	title = "{Accelerating Embedded Software Development with a Model Driven Architecture.}",
	author = "Carolyn K. Duby",
	publisher = "Pahtfinder Solutions",
	institution = "Pahtfinder Solutions",
	month = sep,
	year = "2003"
}

@misc{ apvrille,
	title = "{TTool, an open-source toolkit for the modeling and verification of embedded systems.}",
	author = "Ludovic Apvrille",
	url = "http://ttool.telecom-paristech.fr/",
	howpublished={\url{http://ttool.telecom-paristech.fr/}},
	note = "As of: October 4, 2018"
}

@inproceedings{genius2016,
	title = "{Virtual Yet Precise Prototyping: An Automotive Case Study.}",
	author = "Daniela Genius and Ludovic Apvrille",
	booktitle = "Proceedings of the 8th European Congress on Embedded Real Time Software and Systems (ERTS 2016)",
	pages = "691--700",
	organization = "8th European Congress on Embedded Real Time Software and Systems.",
	month = jan,
	year = "2016",
	address = "TOULOUSE, France."
	
}

@misc{soclib,
	title = "{SoCLib.}",
	url = "http://www.soclib.fr/",
	howpublished={\url{http://www.soclib.fr/}},
	note = "As of: October 4, 2018"
}

@misc{systemc,
	title = "{SystemC.}",
	author = "Accellera Systems Initiative",
	url = "http://www.accellera.org/downloads/standards/systemc",
	howpublished={\url{http://www.accellera.org/downloads/standards/systemc}},
	note = "As of: October 4, 2018"
}

@ARTICLE{systemc-lrm,
author={},
journal="{IEEE Std 1666-2011 (Revision of IEEE Std 1666-2005)}",
title="{IEEE Standard for Standard SystemC Language Reference Manual}",
year={2012},
volume={},
number={},
pages={1-638},
keywords={ANSI standards;C++ language;IEEE standards;IEEE standard;ANSI standard C++ class library;SystemC class library;IEEE standards;Computer languages;Programming;Electronic design automation and methodology;Discrete event simulation;Hardware design languages;System-on-a-chip;Embedded software;C++;computer languages;digital systems;discrete event simulation;electronic design automation;electronic system level;electronic systems;embedded software;fixed-point;hardware description language;hardware design;hardware verification;IEEE 1666;SystemC;system modeling;system-on-chip;transaction level},
doi={10.1109/IEEESTD.2012.6134619},
ISSN={},
month=jan
}

@misc{mutekh,
	title = "{MutekH.}",
	author = "Alexandre Becoulet",
	url = "http://www.mutekh.org/",
	howpublished={\url{http://www.mutekh.org/}},
	note = "As of: October 25, 2018"
}

@techreport{vsistd,
	title = "{Virtual  Component  Interface  Standard (OCB 2 2.0).}",
	author = "VSI Alliance",
	institution = "VSI Alliance",
	month = aug,
	year = "2000"
}

@unpublished{irinalee,
	title = "{TTool/SystemC AMS : Interface Graphique et Génération de Plateforme.}",
	author = "Irina Lee",
	school = "Université Pierre et Marie Curie",
	year = "2018",
	note = "Master 1 Project. (Unpublished). Université Pierre et Marie Curie"
}

@unpublished{mod_esy_ttool,
	title = "{Modeling Heterogeneous Embedded Systems with TTool.}",
	author = "Daniela Genius and Marie-Minerve Louërat and François Pêcheux and Ludovic Apvrille and Haralampos Stratigopoulos",
	year = "2018",
	month = mar,
	note = " DUHDe 2018 - 5th Workshop on Design Automation for Understanding Hardware Designs. (Unpublished)"
}


@manual{syscamslrm,
    author = "Martin Barnasconi and Karsten Einwich and Christoph Grimm and Torsten Maehne and Alain Vachoux",
    title = "{Standard SystemC AMS extensions 2.0 Language Reference Manual.}",
    organization = "Accellera Systems Initiative ",
    month = mar,
    year = 2013
}

@manual{syscamsguide,
    author = "Martin Barnasconi and Christoph Grimm and Markus Damm and Karsten Einwich and Marie-Minerve Louërat and Torsten Maehne and François Pecheux and Alain Vachoux",
    title = "{SystemC AMS extensions User’s Guide.}",
    organization = "Open SystemC Initiative (OSCI)",
    month = mar,
    year = 2010
}

@manual{tlm_lrm,
    author = "John Aynsley",
    title = "{OSCI TLM - 2.0 Language Reference Manual.}",
    organization = "Open SystemC Initiative (OSCI)",
    month = jul,
    year = 2009
}

@INPROCEEDINGS{dammgrimm2008,
author={Markus Damm and Christoph Grimm and Jan Haase and Andreas Herrholz and Wolfgang Nebel},
booktitle={2008 Forum on Specification, Verification and Design Languages},
title="{Connecting SystemC-AMS models with OSCI TLM 2.0 models using temporal decoupling}",
year={2008},
volume={},
number={},
pages={25-30},
keywords={electronic engineering computing;embedded systems;simulation languages;SystemC-AMS models;OSCI TLM 2.0 models;temporal decoupling;system modelling language;embedded systems;computation models;Converters;Time domain analysis;Time varying systems;Computational modeling;Digital signal processing;Kernel;Synchronization},
doi={10.1109/FDL.2008.4641416},
ISSN={},
month=sep
}

@INPROCEEDINGS{andradecedric2015,
author={Liliana Andrade and Torsten Maehne and Alain Vachoux and Cédric Ben Aoun and François Pêcheux and Marie-Minerve Louërat},
booktitle={2015 Design, Automation Test in Europe Conference Exhibition (DATE)},
title="{Pre-simulation symbolic analysis of synchronization issues between discrete event and timed data flow models of computation}",
year={2015},
volume={},
number={},
pages={1671-1676},
keywords={computerised instrumentation;discrete event simulation;embedded systems;Petri nets;sensors;symbol manipulation;synchronisation;vibrations;presimulation symbolic analysis;synchronization issues;discrete event models of computation;timed data flow models of computation;SystemC AMS extensions;heterogeneous modeling;MoC;discrete time domains;DT;continuous time domains;CT;multirate data flow parts;timed data flow models;coloured Petri net equivalent;CPN;symbolic execution algorithm;DE-TDF synchronization issues;vibration sensor model;digital front end;Synchronization;Computational modeling;Delays;Data models;Ports (Computers);Schedules;Tin;synchronization;multi-domain simulation;SystemC Analog/Mixed-Signal (AMS) extensions;Discrete Event (DE);Discrete Time (DT);Timed Data Flow (TDF);Coloured Petri Net (CPN);Model of Computation (MoC)},
doi={10.7873/DATE.2015.0758},
ISSN={1530-1591},
month=mar
}

@phdthesis{andrade2016,
    title = "{Principles and implementation of a generic synchronization interface between SystemC AMS models of computation for the virtual prototyping of multi-disciplinary systems.}",
    author = "Liliana Andrade",
    school = "Université Pierre et Marie Curie", 
    year = "2016"
}

@phdthesis{benaoun2017,
    title = "{Principles and Realization of a Virtual Prototyping Environment for Composable Heterogeneous Systems.}",
    author = "Cédric Ben Aoun",
    school = "Université Pierre et Marie Curie", 
    year = "2017"
}

@misc{hinception,
	title = "{CATRENE (CA701) H-INCEPTION. Heterogeneous Inception.}",
	url = "https://www-soc.lip6.fr/trac/hinception",
	howpublished={\url{https://www-soc.lip6.fr/trac/hinception}},
	year = "2015",
	note = "As of: October 5, 2018"
}

@book{cpn2009,
    title = "{Coloured Petri Nets. Modelling and Validation of Concurrent Systems.}",
    author = "Kurt Jensen and Lars M. Kristensen",
    publisher = "Springer",
    year = "2009"
}

@inbook{timed-cpn2009,
    title = "{Coloured Petri Nets. Modelling and Validation of Concurrent Systems.}",
    author = "Kurt Jensen and Lars M. Kristensen",
    chapter = "10. Timed Coloured Petri Nets",
    pages = "231--255",
    publisher = "Springer",
    year = "2009"
}

@INPROCEEDINGS{sdf-petrinets,
author={ José-Inácio Rocha and Luís Gomes and Octávio Páscoa Dias },
booktitle={2011 9th IEEE International Conference on Industrial Informatics},
title="{Dataflow model property verification using Petri net translation techniques}",
year={2011},
volume={},
number={},
pages={783-788},
keywords={data flow computing;data flow graphs;formal verification;Petri nets;resource allocation;scheduling;dataflow model property verification;Petri net translation;dataflow process networks;data-dominated intensive systems;synchronous dataflows;scheduler information;resource allocation;Petri nets;Mathematical model;Equations;Analytical models;Frequency domain analysis;Digital signal processing;Biological system modeling},
doi={10.1109/INDIN.2011.6034993},
ISSN={1935-4576},
month=jul
}

@ARTICLE{sdf_schedule,
author={ Edward Ashford Lee and David G. Messerschmitt },
journal="{IEEE Transactions on Computers}",
title="{Static Scheduling of Synchronous Data Flow Programs for Digital Signal Processing}",
year={1987},
volume={C-36},
number={1},
pages={24-35},
keywords={Signal processing;Topology;Schedules;Programming;Processor scheduling;Digital signal processing;Runtime;Block diagram;computation graphs;data flow digital signal processing;hard real-time systems;multiprocessing;Petri nets;static scheduling;synchronous data flow},
doi={10.1109/TC.1987.5009446},
ISSN={0018-9340},
month=jan
}

@ARTICLE{sdf,
author={Edward Ashford Lee and David G. Messerschmitt},
journal="{Proceedings of the IEEE}",
title="{Synchronous data flow}",
year={1987},
volume={75},
number={9},
pages={1235-1245},
keywords={Digital signal processing;Signal processing;Hardware;Flow graphs;Processor scheduling;Runtime;Scheduling algorithm;Software systems;Assembly systems;Microcomputers},
doi={10.1109/PROC.1987.13876},
ISSN={0018-9219},
month=sep
}

@misc{soclib_CABA_rules,
	title = "{Writing efficient Cycle-Accurate, Bit-Accurate SystemC simulation models for SoCLib.}",
	author ={Alain Greiner},
	month = sep,
	year = {2017},
	url = "http://www.soclib.fr/trac/dev/wiki/WritingRules/Caba",
	howpublished={\url{http://www.soclib.fr/trac/dev/wiki/WritingRules/Caba}},
	note = "As of: October 16, 2018"
}

@misc{soclib_documentation,
	title = "{SoCLib tools documentation.}",
	url = "http://www.soclib.fr/doc/",
	howpublished={\url{http://www.soclib.fr/doc/}},
	note = "As of: October 18, 2018"
}

@ARTICLE{de_moc,
author={Edward Ashford Lee},
journal="{Annals of Software Engineering}",
title="{Modeling concurrent real-time processes using discrete events}",
year={1999},
volume={7},
number={1-4},
pages={25-45},
month= oct
}

@misc{echopen,
title="{EchOpen project: Designing an Open Source and Low-Cost Echo-Stethoscope}",
url = "http://www.echopen.org/",
howpublished={\url{http://www.echopen.org/}},
note = "As of: November 05, 2018"
}

@misc{edwards,
title="{Dataflow Languages. [PowerPoint presentation] 2001}",
author = {Stephen A. Edwards},
url = "http://www.cs.columbia.edu/~sedwards/classes/2001/w4995-02/presentations/dataflow.pdf",
howpublished={\url{http://www.cs.columbia.edu/~sedwards/classes/2001/w4995-02/presentations/dataflow.pdf}},
note = "As of: November 05, 2018"
}